@book{love2010linux,
  title={Linux kernel development},
  author={Love, Robert},
  year={2010},
  publisher={Pearson Education}
}
